[gd_scene load_steps=14 format=2]

[ext_resource path="res://sprt/anm/Enemies/BatBoss/hit/bat_bloodhit_15.png" type="Texture" id=1]
[ext_resource path="res://sprt/anm/Enemies/BatBoss/hit/bat_bloodhit_17.png" type="Texture" id=2]
[ext_resource path="res://sprt/anm/Enemies/BatBoss/hit/bat_bloodhit_19.png" type="Texture" id=3]
[ext_resource path="res://sprt/anm/Enemies/BatBoss/hit/bat_bloodhit_21.png" type="Texture" id=4]
[ext_resource path="res://sprt/anm/Enemies/BatBoss/hit/bat_bloodhit_23.png" type="Texture" id=5]
[ext_resource path="res://sprt/anm/Enemies/BatBoss/hit/bat_bloodhit_24.png" type="Texture" id=6]
[ext_resource path="res://sprt/anm/Enemies/BatBoss/hit/bat_bloodhit_25.png" type="Texture" id=7]
[ext_resource path="res://sprt/anm/Enemies/BatBoss/hit/bat_bloodhit_28.png" type="Texture" id=8]
[ext_resource path="res://sprt/anm/Enemies/BatBoss/hit/bat_bloodhit_29.png" type="Texture" id=9]
[ext_resource path="res://sprt/anm/Enemies/BatBoss/hit/bat_bloodhit_30.png" type="Texture" id=10]
[ext_resource path="res://code/bloodhit_claws.gd" type="Script" id=11]

[sub_resource type="SpriteFrames" id=1]
animations = [ {
"frames": [ ExtResource( 1 ), ExtResource( 2 ), ExtResource( 3 ), ExtResource( 4 ), ExtResource( 5 ), ExtResource( 6 ), ExtResource( 7 ), ExtResource( 8 ), ExtResource( 9 ), ExtResource( 10 ) ],
"loop": false,
"name": "blood",
"speed": 40.0
} ]

[sub_resource type="CircleShape2D" id=2]
radius = 18.8354

[node name="bloodhit_claws" type="AnimatedSprite"]
scale = Vector2( 1.4, 1.4 )
z_index = 20
frames = SubResource( 1 )
animation = "blood"
script = ExtResource( 11 )

[node name="Area2D" type="Area2D" parent="."]
collision_layer = 2

[node name="CollisionShape2D" type="CollisionShape2D" parent="Area2D"]
position = Vector2( -16.1383, 13.0805 )
shape = SubResource( 2 )
disabled = true
[connection signal="frame_changed" from="." to="." method="_on_bloodhit_claws_frame_changed"]
[connection signal="body_entered" from="Area2D" to="." method="_on_Area2D_body_entered"]
